% Thesis
@phdthesis{ghorbel2008abstract,
  title={Abstract service model for adaptive provision in ambient assistive living},
  author={Ghorbel, Mahmoud},
  year={2008},
  school={Evry, Institut national des t{\'e}l{\'e}communications}
}
@phdthesis{fielding2000architectural,
	title={Architectural styles and the design of network-based software architectures},
	author={Fielding, Roy Thomas},
	year={2000},
	school={University of California, Irvine}
}
@article{andreou2011kspot,
	title={KSPOT: a network-aware framework for energy-efficient data acquisition in wireless sensor networks},
	author={Andreou, Panayiotis G and A$\nu$$\delta$$\rho$$\acute{\varepsilon}$o$\upsilon$, $\Pi$$\alpha$$\nu$$\alpha$$\gamma$$\iota$$\acute{\omega}$$\tau$$\eta$$\varsigma$ $\Gamma$},
	year={2011},
	publisher={University of Cyprus, Faculty of Pure and Applied Sciences}
}
@article{ourique2015architecting,
	title={Architecting Smart Home Environments for Healthcare: A Database-Centric Approach},
	author={Ourique de Morais, Wagner},
	year={2015},
	publisher={Halmstad University Press}
}

% AAL

@article{acampora2013survey,
	title={A survey on ambient intelligence in healthcare},
	author={Acampora, Giovanni and Cook, Diane J and Rashidi, Parisa and Vasilakos, Athanasios V},
	journal={Proceedings of the IEEE},
	volume={101},
	number={12},
	pages={2470--2494},
	year={2013},
	publisher={IEEE}
}
@article{memon2014ambient,
	title={Ambient assisted living healthcare frameworks, platforms, standards, and quality attributes},
	author={Memon, Mukhtiar and Wagner, Stefan Rahr and Pedersen, Christian Fischer and Beevi, Femina Hassan Aysha and Hansen, Finn Overgaard},
	journal={Sensors},
	volume={14},
	number={3},
	pages={4312--4341},
	year={2014},
	publisher={Multidisciplinary Digital Publishing Institute}
}
@article{blackman2016ambient,
	title={Ambient assisted living technologies for aging well: a scoping review},
	author={Blackman, Stephanie and Matlo, Claudine and Bobrovitskiy, Charisse and Waldoch, Ashley and Fang, Mei Lan and Jackson, Piper and Mihailidis, Alex and Nyg{\aa}rd, Louise and Astell, Arlene and Sixsmith, Andrew},
	journal={Journal of Intelligent Systems},
	volume={25},
	number={1},
	pages={55--69},
	year={2016}
}
@article{alam2012review,
	title={A review of smart homesâ€”past, present, and future},
	author={Alam, Muhammad Raisul and Reaz, Mamun Bin Ibne and Ali, Mohd Alauddin Mohd},
	journal={IEEE Transactions on Systems, Man, and Cybernetics, Part C (Applications and Reviews)},
	volume={42},
	number={6},
	pages={1190--1203},
	year={2012},
	publisher={IEEE}
}

% Context-aware

@inproceedings{henricksen2005middleware,
	title={Middleware for distributed context-aware systems},
	author={Henricksen, Karen and Indulska, Jadwiga and McFadden, Ted and Balasubramaniam, Sasitharan},
	booktitle={OTM Confederated International Conferences" On the Move to Meaningful Internet Systems"},
	pages={846--863},
	year={2005},
	organization={Springer}
}

@article{perera2014context,
	title={Context aware computing for the internet of things: A survey},
	author={Perera, Charith and Zaslavsky, Arkady and Christen, Peter and Georgakopoulos, Dimitrios},
	journal={IEEE Communications Surveys \& Tutorials},
	volume={16},
	number={1},
	pages={414--454},
	year={2014},
	publisher={IEEE}
}

% Middlewares for IoT

@article{razzaque2016middleware,
	title={Middleware for internet of things: a survey},
	author={Razzaque, Mohammad Abdur and Milojevic-Jevric, Marija and Palade, Andrei and Clarke, Siobh{\'a}n},
	journal={IEEE Internet of Things Journal},
	volume={3},
	number={1},
	pages={70--95},
	year={2016},
	publisher={IEEE}
}
@article{yu2013application,
	title={Application mobility in pervasive computing: A survey},
	author={Yu, Ping and Ma, Xiaoxing and Cao, Jiannong and Lu, Jian},
	journal={Pervasive and Mobile Computing},
	volume={9},
	number={1},
	pages={2--17},
	year={2013},
	publisher={Elsevier}
}
@article{raychoudhury2013middleware,
	title={Middleware for pervasive computing: A survey},
	author={Raychoudhury, Vaskar and Cao, Jiannong and Kumar, Mohan and Zhang, Daqiang},
	journal={Pervasive and Mobile Computing},
	volume={9},
	number={2},
	pages={177--200},
	year={2013},
	publisher={Elsevier}
}


% Smart Cities

@article{zaslavsky2013sensing,
	title={Sensing as a service and big data},
	author={Zaslavsky, Arkady and Perera, Charith and Georgakopoulos, Dimitrios},
	journal={arXiv preprint arXiv:1301.0159},
	year={2013}
}
@article{sheng2013sensing,
	title={Sensing as a service: Challenges, solutions and future directions},
	author={Sheng, Xiang and Tang, Jian and Xiao, Xuejie and Xue, Guoliang},
	journal={IEEE Sensors journal},
	volume={13},
	number={10},
	pages={3733--3741},
	year={2013},
	publisher={IEEE}
}
@article{perera2014sensor,
	title={Sensor search techniques for sensing as a service architecture for the internet of things},
	author={Perera, Charith and Zaslavsky, Arkady and Liu, Chi Harold and Compton, Michael and Christen, Peter and Georgakopoulos, Dimitrios},
	journal={IEEE Sensors Journal},
	volume={14},
	number={2},
	pages={406--420},
	year={2014},
	publisher={IEEE}
}
@article{perera2014sensing,
	title={Sensing as a service model for smart cities supported by internet of things},
	author={Perera, Charith and Zaslavsky, Arkady and Christen, Peter and Georgakopoulos, Dimitrios},
	journal={Transactions on Emerging Telecommunications Technologies},
	volume={25},
	number={1},
	pages={81--93},
	year={2014},
	publisher={Wiley Online Library}
}

% Continua

@article{schreier2014internet,
	title={The internet of things for personalized health},
	author={Schreier, G{\"u}nter},
	journal={Stud Health Technol Inform},
	volume={200},
	pages={22--31},
	year={2014}
}
@article{rickardsson2016patient,
	title={Patient-Generated Health Data: Professionals' Opinions and Standardized Data Transfer},
	author={Rickardsson, Isabelle},
	year={2016}
}
@inproceedings{clarke2007developing,
	title={Developing a standard for personal health devices based on 11073},
	author={Clarke, Malcolm and Bogia, Douglas and Hassing, Kai and Steubesand, Lars and Chan, Tony and Ayyagari, Deepak},
	booktitle={2007 29th Annual International Conference of the IEEE Engineering in Medicine and Biology Society},
	pages={6174--6176},
	year={2007},
	organization={IEEE}
}
